<?xml version="1.0" encoding="UTF-8"?><collection xmlns="http://www.loc.gov/MARC21/slim"><record><leader>00385nam--2200145-i-4500</leader><controlfield tag="001">000028811</controlfield><controlfield tag="002">20161230</controlfield><controlfield tag="005">20161230201037</controlfield><controlfield tag="008">060222s1000------------r-----000-0-eng-d</controlfield><datafield ind1=" " ind2=" " tag="080"><subfield code="a">517.5+03.82</subfield></datafield><datafield ind1=" " ind2=" " tag="100"><subfield code="a">Lebedev, N.N</subfield></datafield><datafield ind1=" " ind2=" " tag="245"><subfield code="a">Functii speciale si aplicatiile lor</subfield></datafield><datafield ind1=" " ind2=" " tag="260"><subfield code="a">Bucuresti, Edit.Tehnica, 1957. 408p.+ Erata</subfield></datafield><datafield ind1=" " ind2=" " tag="852"><subfield code="a">47716</subfield><subfield code="c">517.5</subfield></datafield><datafield ind1=" " ind2=" " tag="CAT"><subfield code="a">Sys</subfield><subfield code="c">20080807</subfield><subfield code="h">131453</subfield></datafield></record></collection>